@article{wikidotproduct2021,
    title   = "Dot product",
    author  = "Wikipedia",
    journal = "https://en.wikipedia.org/wiki/",
    year    = "2021",
    url     = "https://en.wikipedia.org/wiki/Dot_product"
}

@misc{ruder2017overview,
      title={An overview of gradient descent optimization algorithms}, 
      author={Sebastian Ruder},
      year={2017},
      eprint={1609.04747},
      archivePrefix={arXiv},
      primaryClass={cs.LG}
}

@article{deoldifyreddit2012,
    title   = "Introducing DeOldify: A Progressive, Self-Attention GAN based image colorization/restoration project",
    author  = "Reddit",
    journal = "https://www.reddit.com/r/MachineLearning/",
    year    = "2019",
    url     = "https://bit.ly/3jIfbOW"
}

@misc{deoldify2020,
  author = {Jantic},
  title = {DeOldify},
  year = {2019},
  publisher = {GitHub},
  journal = {GitHub repository},
  url = {https://github.com/jantic/DeOldify},
  commit = {9b49ded5ee15d26fd71bd3a3db1c4566a73b594f}
}

@article{wikiml2021,
    title   = "Machine learning",
    author  = "Wikipedia",
    journal = "https://en.wikipedia.org/wiki/",
    year    = "2021",
    url     = "https://en.wikipedia.org/wiki/Machine_learning"
}

@article{wikirgba2021,
    title   = "RGBA color model",
    author  = "Wikipedia",
    journal = "https://en.wikipedia.org/wiki/",
    year    = "2021",
    url     = "https://en.wikipedia.org/wiki/RGBA_color_model"
}

@article{wikicolorspace2021,
    title   = "Color space",
    author  = "Wikipedia",
    journal = "https://en.wikipedia.org/wiki/",
    year    = "2021",
    url     = "https://en.wikipedia.org/wiki/Color_space"
}

@article{wikigrayimg2021,
    title   = "Grayscale",
    author  = "Wikipedia",
    journal = "https://en.wikipedia.org/wiki/",
    year    = "2021",
    url     = "https://en.wikipedia.org/wiki/Grayscale"
}

@article{wikibinimg2021,
    title   = "Binary image",
    author  = "Wikipedia",
    journal = "https://en.wikipedia.org/wiki/",
    year    = "2021",
    url     = "https://en.wikipedia.org/wiki/Binary_image"
}

@article{wikideeplearning2021,
    title   = "Deep learning",
    author  = "Wikipedia",
    journal = "https://en.wikipedia.org/wiki/",
    year    = "2021",
    url     = "https://en.wikipedia.org/wiki/Deep_learning"
}

@article{replytime2colorize2012,
    title   = "Reply: How are photos colorized? How long does it take?",
    author  = "Reddit",
    journal = "https://www.reddit.com\\/r/AskReddit/",
    year    = "2012",
    url     = "https://bit.ly/3hBr729"
}

@article{wikirmse2021,
    title   = "Root-mean-square deviation",
    author  = "Wikipedia",
    journal = "https://en.wikipedia.org/wiki/",
    year    = "2021",
    url     = "https://en.wikipedia.org/wiki/Root-mean-square_deviation"
}

@article{wikimse2021,
    title   = "Mean squared error",
    author  = "Wikipedia",
    journal = "https://en.wikipedia.org/wiki/",
    year    = "2021",
    url     = "https://en.wikipedia.org/wiki/Mean_squared_error"
}

@article{hard2trainganjonathan2018,
    title   = "GAN — Why it is so hard to train Generative Adversarial Networks!",
    author  = "Jonathan Hui",
    journal = "https://jonathan-hui.medium.com/",
    year    = "2018",
    url     = "https://bit.ly/3jKdnVB"
}

@article{replyrangelabinskimage2020,
    title   = "Reply: What range does skimage use in LAB color space for each channel?",
    author  = "Juan",
    journal = "https://stackoverflow.com/",
    year    = "2020",
    url     = "https://bit.ly/3hfvscj"
}

@article{unetwithresblocknishank2019,
    title   = "UNet with ResBlock for Semantic Segmentation",
    author  = "Nishank Singla",
    journal = "https://medium.com/",
    year    = "2019",
    url     = "https://bit.ly/3hhuufV"
}

@article{dropouthinton2014, 
    author={Nitish Srivastava and Geoffrey Hinton and Alex Krizhevsky and Ilya Sutskever and Ruslan Salakhutdinov},
    title={Dropout:  A Simple Way to Prevent Neural Networks fromOverfitting},
    journal={Journal of Machine Learning Research 15},
    year={2014},
    page={1929-1958}
}

@misc{pathak2016context,
      title={Context Encoders: Feature Learning by Inpainting}, 
      author={Deepak Pathak and Philipp Krahenbuhl and Jeff Donahue and Trevor Darrell and Alexei A. Efros},
      year={2016},
      eprint={1604.07379},
      archivePrefix={arXiv},
      primaryClass={cs.CV}
}

@misc{wang2020skip,
      title={Is the Skip Connection Provable to Reform the Neural Network Loss Landscape?}, 
      author={Lifu Wang and Bo Shen and Ning Zhao and Zhiyuan Zhang},
      year={2020},
      eprint={2006.05939},
      archivePrefix={arXiv},
      primaryClass={cs.LG}
}

@misc{li2018visualizing,
      title={Visualizing the Loss Landscape of Neural Nets}, 
      author={Hao Li and Zheng Xu and Gavin Taylor and Christoph Studer and Tom Goldstein},
      year={2018},
      eprint={1712.09913},
      archivePrefix={arXiv},
      primaryClass={cs.LG}
}

@article{divyanshutransconv2020,
    title   = "Transposed Convolution Demystified",
    author  = "Divyanshu Mishra",
    journal = "https://towardsdatascience.com/",
    year    = "2020",
    url     = "https://bit.ly/2TCybDE"
}

@misc{yu2016multiscale,
      title={Multi-Scale Context Aggregation by Dilated Convolutions}, 
      author={Fisher Yu and Vladlen Koltun},
      year={2016},
      eprint={1511.07122},
      archivePrefix={arXiv},
      primaryClass={cs.CV}
}

@article{khanhunet2020,
    title   = "Image Segmentation",
    author  = "Pham Dinh Khanh",
    journal = "https://phamdinhkhanh.github.io/",
    year    = "2020",
    url     = "https://bit.ly/369rdZA"
}

@article{wikimaxpooling2021,
    title   = "Max-pooling / Pooling",
    author  = "Wikipedia",
    journal = "https://computersciencewiki.org/",
    year    = "2021",
    url     = "https://computersciencewiki.org/index.php/Max-pooling_/_Pooling"
}

@article{matrixcalfaster2018,
    title   = "Reply: Why does expressing calculations as matrix multiplications make them faster?",
    author  = "Community",
    journal = "https://stats.stackexchange.com/",
    year    = "2018",
    url     = "https://bit.ly/3hAcbkS"
}

@article{wikicrossentropy2021,
    title   = "Cross entropy",
    author  = "Wikipedia",
    journal = "https://en.wikipedia.org/wiki/",
    year    = "2021",
    url     = "https://en.wikipedia.org/wiki/Cross_entropy"
}

@misc{szandala2020convolutional,
      title={Convolutional Neural Network for Blur Images Detection as an Alternative for Laplacian Method}, 
      author={Tomasz Szandala},
      year={2020},
      eprint={2010.07936},
      archivePrefix={arXiv},
      primaryClass={cs.CV}
}

@misc{fu2018convolutional,
      title={A Convolutional Neural Networks Denoising Approach for Salt and Pepper Noise}, 
      author={Bo Fu and Xiao-Yang Zhao and Yi Li and Xiang-Hai Wang and Yong-Gong Ren},
      year={2018},
      eprint={1807.08176},
      archivePrefix={arXiv},
      primaryClass={cs.MM}
}

@article{mlcobancnn2018,
    title   = "Tích chập hai chiều",
    author  = "Vũ Hữu Tiệp",
    journal = "https://machinelearningcoban.com/",
    year    = "2018",
    url     = "https://bit.ly/2V5Me5e"
}

@article{dl2sandp2021, 
    author={Aston Zhang and Zack C. Lipton and Mu Li and Alex J. Smola}, 
    journal={Dive into Deep Learning}, 
    title={Padding and Stride}, 
    year={2019}, 
    volume={6}
}

@article{wikikernalimgpro2021,
    title   = "Kernel (image processing)",
    author  = "Wikipedia",
    journal = "https://en.wikipedia.org/wiki/",
    year    = "2021",
    url     = "https://en.wikipedia.org/wiki/Kernel_(image_processing)"
}

@article{applofcnnpune2016, 
    author={Ashwin Bhandare and Maithili Bhide and Pranav Gokhale and Rohan Chandavarkar}, 
    journal={International Journal of Computer Science and Information Technologies}, 
    title={Applications of Convolutional Neural Networks}, 
    year={2016}, 
    volume={7}, 
    pages={2206-2215}
}

@article{faceregusingcnn2019, 
    author={Suleman Khan and M. Hammad Javed and Ehtasham Ahmed and Syed A A Shah and Syed Umaid Ali},
    title={Facial Recognition using Convolutional Neural Networks and Implementation on Smart Glasses},
    journal={2019 International Conference on Information Science and Communication Technology (ICISCT)},
    year={2019},
    doi={10.1109/CISCT.2019.8777442}
}

@article{objregusingcnn2019, 
    author={Richardson Santiago Teles de Menezes and Rafael Marrocos Magalhaes and Helton Maia},
    title={Object Recognition Using Convolutional Neural Networks}, 
    year={2019},
    url={https://bit.ly/3AswpWC},
    doi={10.5772/intechopen.89726}, 
}

@article{wikialexnet2021,
    title   = "AlexNet",
    author  = "Wikipedia",
    journal = "https://en.wikipedia.org/wiki/",
    year    = "2021",
    url     = "https://en.wikipedia.org/wiki/AlexNet"
}

@article{papiasoundcnn2021,
    title   = "CNNs for Audio Classification",
    author  = "Papia Nandi",
    journal = "https://towardsdatascience.com/",
    year    = "2021",
    url     = "https://bit.ly/3he5mGF"
}

@article{soundusingcnnieee, 
    author={Aditya Khamparia and Deepak Gupta and Nguyen Gia Nhu and Ashish Khanna and Babita Pandey and Prayag Tiwari}, 
    journal={IEEE Access}, 
    title={Sound Classification Using Convolutional Neural Network and Tensor Deep Stacking Network}, 
    year={2019}, 
    volume={7}, 
    pages={7717-7727}, 
    doi={10.1109/ACCESS.2018.2888882}, 
}

@article{wikiconv2021,
    title   = "Convolution",
    author  = "Wikipedia",
    journal = "https://en.wikipedia.org/wiki/",
    year    = "2021",
    url     = "https://en.wikipedia.org/wiki/Convolution"
}

@misc{metz2017unrolled,
      title={Unrolled Generative Adversarial Networks}, 
      author={Luke Metz and Ben Poole and David Pfau and Jascha Sohl-Dickstein},
      year={2017},
      eprint={1611.02163},
      archivePrefix={arXiv},
      primaryClass={cs.LG}
}

@misc{barnett2018convergence,
      title={Convergence Problems with Generative Adversarial Networks (GANs)}, 
      author={Samuel A. Barnett},
      year={2018},
      eprint={1806.11382},
      archivePrefix={arXiv},
      primaryClass={cs.LG}
}

@article{gregoiregan2019,
    title   = "How GANs really work",
    author  = "Grégoire Delétang",
    journal = "https://towardsdatascience.com/",
    year    = "2019",
    url     = "https://bit.ly/2UOAnIu"
}

@article{jasonimbalance2019,
    title   = "A Gentle Introduction to Imbalanced Classification",
    author  = "Jason Brownlee",
    journal = "https://\\machinelearningmastery.com/",
    year    = "2019",
    url     = "https://bit.ly/3xasETz"
}

@article{replyganovergmn2019,
    title   = "Reply: Why are GAN used if GMN do the same thing.",
    author  = "Joseph Rocca",
    journal = "https://\\medium.com/",
    year    = "2019",
    url     = "https://bit.ly/2UZJrut"
}

@article{wikihsv2021,
    title   = "HSL and HSV",
    author  = "Wikipedia",
    journal = "https://en.wikipedia.org/wiki/",
    year    = "2021",
    url     = "https://en.wikipedia.org/wiki/HSL_and_HSV"
}

@article{wikicmyk2021,
    title   = "CMYK color model",
    author  = "Wikipedia",
    journal = "https://en.wikipedia.org/wiki/",
    year    = "2021",
    url     = "https://en.wikipedia.org/wiki/CMYK_color_model"
}

@online{josephroccagan,
    title = {Understanding Generative Adversarial Networks (GANs)},
    date = {2019},
    organization = {YouTube},
    author = {Joseph Rocca},
    url = {https://youtu.be/6v7lJHFaZZ4},
}

@misc{junyanzho2020,
  author = {Jun-Yan Zhu},
  title = {CycleGAN and pix2pix in PyTorch},
  year = {2020},
  publisher = {GitHub},
  journal = {GitHub repository},
  url = {https://github.com/junyanz/pytorch-CycleGAN-and-pix2pix},
  commit = {f13aab8148bd5f15b9eb47b690496df8dadbab0c}
}

@article{wikivanishing2021,
    title   = "Vanishing gradient problem",
    author  = "Wikipedia",
    journal = "https://en.wikipedia.org/wiki/",
    year    = "2021",
    url     = "https://en.wikipedia.org/wiki/Vanishing_gradient_problem"
}

@article{optimizegan2017,
    title   = "Reply: Optimization metric in Generative Adversarial Networks",
    author  = "tejaskhot",
    journal = "https://\\stats.stackexchange.com/",
    year    = "2017",
    url     = "https://bit.ly/3qvtnfl"
}

@misc{padala2020effect,
      title={Effect of Input Noise Dimension in GANs}, 
      author={Manisha Padala and Debojit Das and Sujit Gujar},
      year={2020},
      eprint={2004.06882},
      archivePrefix={arXiv},
      primaryClass={cs.LG}
}

@article{wikirgb2021,
    title   = "RGB color model",
    author  = "Wikipedia",
    journal = "https://en.wikipedia.org/wiki/",
    year    = "2021",
    url     = "https://en.wikipedia.org/wiki/RGB_color_model"
}

@article{introtocvnttuan,
    title   = "Giới thiệu về xử lý ảnh",
    author  = "Tuan Nguyen",
    journal = "https://nttuan8.com/",
    year    = "2019",
    url     = "https://bit.ly/3gYYqx7"
}

@misc{vitoria2020chromagan,
      title={ChromaGAN: Adversarial Picture Colorization with Semantic Class Distribution}, 
      author={Patricia Vitoria and Lara Raad and Coloma Ballester},
      year={2020},
      eprint={1907.09837},
      archivePrefix={arXiv},
      primaryClass={cs.CV}
}

@misc{cao2017unsupervised,
      title={Unsupervised Diverse Colorization via Generative Adversarial Networks},
      author={Yun Cao and Zhiming Zhou and Weinan Zhang and Yong Yu},
      year={2017},
      eprint={1702.06674},
      archivePrefix={arXiv},
      primaryClass={cs.CV}
}

@article{Nazeri_2018,
   title={Image Colorization Using Generative Adversarial Networks},
   ISBN={9783319945446},
   ISSN={1611-3349},
   url={http://dx.doi.org/10.1007/978-3-319-94544-6_9},
   DOI={10.1007/978-3-319-94544-6_9},
   journal={Lecture Notes in Computer Science},
   publisher={Springer International Publishing},
   author={Nazeri, Kamyar and Ng, Eric and Ebrahimi, Mehran},
   year={2018},
   pages={85–94}
}

@article{Khan_2020,
   title={A survey of the recent architectures of deep convolutional neural networks},
   volume={53},
   ISSN={1573-7462},
   url={http://dx.doi.org/10.1007/s10462-020-09825-6},
   DOI={10.1007/s10462-020-09825-6},
   number={8},
   journal={Artificial Intelligence Review},
   publisher={Springer Science and Business Media LLC},
   author={Khan, Asifullah and Sohail, Anabia and Zahoora, Umme and Qureshi, Aqsa Saeed},
   year={2020},
   month={4},
   pages={5455–5516}
}

@article{backboneresnet2020,
    title   = "Comparison of Backbones for Semantic Segmentation Network",
    author  = "Rongyu Zhang and  Lixuan Du and Qi Xiao and Jiaming Liu",
    journal = "Journal of Physics: Conference Series",
    DOI = "10.1088/1742-6596/1544/1/012196",
    volume = 1544,
    year    = "2020",
    url     = "https://bit.ly/3hVPOrY"
}

@article{jasonpix2pix2019,
    title   = "How to Develop a Pix2Pix GAN for Image-to-Image Translation",
    author  = "Jason Brownlee",
    journal = "https://machinelearningmastery.com/",
    year    = "2019",
    url     = "https://bit.ly/3hVPOrY"
}

@article{tuannguyenpix2pix2020,
    title   = "Pix2pix",
    author  = "Tuan Nguyen",
    journal = "nttuan8.com/",
    year    = "2020",
    url     = "https://bit.ly/3xGVR9h"
}

@misc{kingma2017adam,
      title={Adam: A Method for Stochastic Optimization}, 
      author={Diederik P. Kingma and Jimmy Ba},
      year={2017},
      eprint={1412.6980},
      archivePrefix={arXiv},
      primaryClass={cs.LG}
}

@misc{ham2020unbalanced,
      title={Unbalanced GANs: Pre-training the Generator of Generative Adversarial Network using Variational Autoencoder}, 
      author={Hyungrok Ham and Tae Joon Jun and Daeyoung Kim},
      year={2020},
      eprint={2002.02112},
      archivePrefix={arXiv},
      primaryClass={cs.LG}
}

@online{aladdinperssonyoutube,
    title = {Pix2Pix implementation from scratch},
    date = {2021},
    organization = {YouTube},
    author = {Aladdin Perssonl},
    url = {https://youtu.be/oLvmLJkmXuc},
}

@article{benscaledata2012,
    title   = "Reply: How and why do normalization and feature scaling work?",
    author  = "Ben Allison",
    journal = "https://stats.stackexchange.com/",
    year    = "2012",
    url     = "https://bit.ly/34keBOw"
}

@article{jasonscaledata2019,
    title   = "How to use Data Scaling Improve Deep Learning Model Stability and Performance",
    author  = "Jason Brownlee",
    journal = "https://machinelearningmastery.com/",
    year    = "2019",
    url     = "https://bit.ly/2QQQlQK"
}

@article{christopherresunet2019,
    title   = "U-Nets with ResNet Encoders and cross connections",
    author  = "Christopher Thomas BSc Hons. MIAP",
    journal = "https://towardsdatascience.com/",
    year    = "2019",
    url     = "https://bit.ly/3ttEu8x"
}

@article{replycalcnnsize,
    title   = "Reply: Calculate the Output size in Convolution layer",
    author  = "The BrownBatman",
    journal = "https://\\stackoverflow.com/",
    year    = "2018",
    url     = "https://bit.ly/3fnOJrn"
}

@article{richardgan2018,
    title   = "Working Principles of Generative Adversarial Networks (GANs)",
    author  = "Richard Gall",
    journal = "https://dzone.com/",
    year    = "2018",
    url     = "https://bit.ly/3ue1M3r"
}

@misc{karras2019stylebased,
      title={A Style-Based Generator Architecture for Generative Adversarial Networks}, 
      author={Tero Karras and Samuli Laine and Timo Aila},
      year={2019},
      eprint={1812.04948},
      archivePrefix={arXiv},
      primaryClass={cs.NE}
}

@article{khanhpix2pix2020,
    title   = "Pix2Pix GAN",
    author  = "Pham Dinh Khanh",
    journal = "https://phamdinhkhanh.github.io/",
    year    = "2020",
    url     = "https://bit.ly/3umnGRo"
}

@article{josephgan2019,
    title   = "Understanding Generative Adversarial Networks (GANs)",
    author  = "Joseph Rocca",
    journal = "https://\\towardsdatascience.com/",
    year    = "2019",
    url     = "https://bit.ly/3vzdPIU"
}

@article{trungcolorization2018,
    title   = "Auto Colorize GrayScale Image With Deep Learning",
    author  = "Trung Thanh Nguyen",
    journal = "https://\\forum.machinelearningcoban.com/",
    year    = "2018",
    url     = "https://bit.ly/3eKdmwN"
}

@article{wikilab2021,
    title   = "CIELAB color space",
    author  = "Wikipedia",
    journal = "https://en.wikipedia.org/wiki/",
    year    = "2021",
    url     = "https://en.wikipedia.org/wiki/CIELAB_color_space"
}

@article{moeincolorization2020,
    title   = "Colorizing black \& white images with U-Net and conditional GAN - A Tutorial",
    author  = "Moein Shariatnia",
    journal = "https://towardsdatascience.com/",
    year    = "2020",
    url     = "https://bit.ly/3eKaaBj"
}

@misc{ronneberger2015unet,
      title={U-Net: Convolutional Networks for Biomedical Image Segmentation}, 
      author={Olaf Ronneberger and Philipp Fischer and Thomas Brox},
      year={2015},
      eprint={1505.04597},
      archivePrefix={arXiv},
      primaryClass={cs.CV}
}

@misc{goodfellow2014generative,
      title={Generative Adversarial Networks}, 
      author={Ian J. Goodfellow and Jean Pouget-Abadie and Mehdi Mirza and Bing Xu and David Warde-Farley and Sherjil Ozair and Aaron Courville and Yoshua Bengio},
      year={2014},
      eprint={1406.2661},
      archivePrefix={arXiv},
      primaryClass={stat.ML}
}

@misc{isola2018imagetoimage,
      title={Image-to-Image Translation with Conditional Adversarial Networks}, 
      author={Phillip Isola and Jun-Yan Zhu and Tinghui Zhou and Alexei A. Efros},
      year={2018},
      eprint={1611.07004},
      archivePrefix={arXiv},
      primaryClass={cs.CV}
}

@article{adaloglou2020skip,
    title   = "Intuitive Explanation of Skip Connections in Deep Learning",
    author  = "Adaloglou, Nikolas",
    journal = "https://theaisummer.com/",
    year    = "2020",
    url     = "https://theaisummer.com/skip-connections/"
}

@article{replyrandomnoisez,
    title   = "Reply: Random noise z augmentation with cGAN",
    author  = "Phillip",
    journal = "https://github.com/",
    year    = "2017",
    url     = "https://bit.ly/3oM7EPE"
}

@article{replynorm1ornorm2,
    title   = "Reply: How do you decide to regularize between L1/L2 or best/greedy subset selection?",
    author  = "Eric Martin",
    journal = "https://www.quora.com/",
    year    = "2014",
    url     = "https://bit.ly/2RIHhhe"
}

@misc{he2015deep,
      title={Deep Residual Learning for Image Recognition}, 
      author={Kaiming He and Xiangyu Zhang and Shaoqing Ren and Jian Sun},
      year={2015},
      eprint={1512.03385},
      archivePrefix={arXiv},
      primaryClass={cs.CV}
}

@misc{huang2018densely,
      title={Densely Connected Convolutional Networks}, 
      author={Gao Huang and Zhuang Liu and Laurens van der Maaten and Kilian Q. Weinberger},
      year={2018},
      eprint={1608.06993},
      archivePrefix={arXiv},
      primaryClass={cs.CV}
}

@inproceedings{alevincolorization,
  title={Colorization using
optimization},
  author={A. Levin and D. Lischinski and Y. Weiss},
  booktitle={ACM transactions on graphics (TOG)},
  volume=23,
  pages={689--694},
  organization={ACM},
  year={2004}
}

@inproceedings{huangcolorization,
  title={An adaptive edge detection based colorization algorithm and its applications},
  author={Y.-C. Huang and Y.-S. Tung and J.-C. Chen and S.-W. Wang and J.-L. Wu},
  booktitle={Proceedings of the 13th annual ACM international conference on Multimedia},
  pages={351--354},
  organization={ACM},
  year={2005}
}

@inproceedings{luancolorization,
  title={Natural image colorization},
  author={Q. Luan and F. Wen and D. Cohen-Or and L. Liang and Y.-Q. Xu and H.-Y. Shum},
  booktitle={Proceedings of the 18th Eurographics conference on Rendering Techniques},
  pages={309--320},
  organization={Eurographics Association},
  year={2007}
}

@inproceedings{welshcolorization,
  title={Transferring color to greyscale images},
  author={T. Welsh and M. Ashikhmin and K. Mueller},
  booktitle={ACM Transactions on Graphics (TOG)},
  volume=21,
  pages={277--280},
  organization={ACM},
  year={2002}
}

@inproceedings{ironicolorization,
  title={Colorization by example},
  author={R. Ironi and D. Cohen-Or and D. Lischinski},
  booktitle={Rendering Techniques},
  pages={201--210},
  organization={Citeseer},
  year={2005}
}

@inproceedings{taicolorization,
  title={Local color transfer via probabilistic segmentation by expectation-maximization},
  author={Y.-W. Tai and J. Jia and C.-K. Tang},
  booktitle={2005 IEEE Computer Society Conference on Computer Vision and Pattern Recognition (CVPR’05)},
  volume=1,
  pages={747--754},
  organization={IEEE},
  year={2005}
}

@inproceedings{chengcolorization,
  title={Deep colorization},
  author={Z. Cheng and Q. Yang and B. Sheng},
  booktitle={Proceedings of the IEEE International Conference on Computer Vision},
  pages={415--423},
  year={2015}
}

@inproceedings{zhangcolorization,
  title={Colorful image colorization},
  author={R. Zhang and P. Isola and A. A. Efros},
  booktitle={European conference on computer vision},
  pages={649--666},
  organization={Springer},
  year={2016}
}